<record><leader>00000cas a22000007a 4500</leader><controlfield tag="001">19677674</controlfield><controlfield tag="008">890508d18431849aluwr ne      0    0eng d</controlfield><datafield ind1=" " ind2=" " tag="010"><subfield code="a">sn 89071264 </subfield></datafield><datafield ind1=" " ind2=" " tag="040"><subfield code="a">NYS</subfield><subfield code="b">eng</subfield><subfield code="c">NYS</subfield><subfield code="d">NVF</subfield><subfield code="d">OCL</subfield><subfield code="d">OCLCQ</subfield><subfield code="d">OCLCF</subfield><subfield code="d">OCLCO</subfield></datafield><datafield ind1=" " ind2=" " tag="042"><subfield code="a">msc</subfield></datafield><datafield ind1=" " ind2=" " tag="043"><subfield code="a">n-us-al</subfield></datafield><datafield ind1="0" ind2=" " tag="130"><subfield code="a">Alabama Baptist (Marion, Ala. : 1843)</subfield></datafield><datafield ind1="1" ind2="4" tag="245"><subfield code="a">The Alabama Baptist.</subfield></datafield><datafield ind1=" " ind2=" " tag="260"><subfield code="a">Marion, Ala. :</subfield><subfield code="b">Love &amp; Dykus,</subfield><subfield code="c">1843-</subfield></datafield><datafield ind1=" " ind2=" " tag="300"><subfield code="a">v.</subfield></datafield><datafield ind1=" " ind2=" " tag="310"><subfield code="a">Weekly</subfield></datafield><datafield ind1="0" ind2=" " tag="362"><subfield code="a">Vol. 1, no. 1 (Feb. 4, 1843)-</subfield></datafield><datafield ind1="1" ind2=" " tag="362"><subfield code="a">Ceased in 1849.</subfield></datafield><datafield ind1=" " ind2="0" tag="651"><subfield code="a">Marion (Ala.)</subfield><subfield code="v">Newspapers.</subfield></datafield><datafield ind1=" " ind2="7" tag="655"><subfield code="a">Newspapers.</subfield><subfield code="2">fast</subfield><subfield code="0">(OCoLC)fst01423814</subfield></datafield><datafield ind1=" " ind2="7" tag="651"><subfield code="a">Alabama</subfield><subfield code="z">Marion.</subfield><subfield code="2">fast</subfield><subfield code="0">(OCoLC)fst01224247</subfield></datafield><datafield ind1=" " ind2=" " tag="752"><subfield code="a">United States</subfield><subfield code="b">Alabama</subfield><subfield code="c">Perry</subfield><subfield code="d">Marion.</subfield></datafield><datafield ind1="0" ind2="0" tag="785"><subfield code="t">Alabama Baptist advocate</subfield><subfield code="w">(DLC)sn 88084038</subfield></datafield></record>